@book{adamsAnhalterDurchGalaxis2013,
  title = {Per Anhalter durch die Galaxis: Roman},
  shorttitle = {Per Anhalter durch die Galaxis},
  author = {Adams, Douglas and Schwarz, Benjamin and Adams, Douglas},
  date = {2013},
  series = {Heyne},
  edition = {41. Aufl},
  number = {14697},
  publisher = {Heyne},
  location = {MÃ¼nchen},
  isbn = {978-3-453-14697-6},
  langid = {german},
  pagetotal = {202}
}
